@INPROCEEDINGS{relidss, 
	author={H. Nasri and W. Ouarda and A. M. Alimi}, 
	booktitle={2016 IEEE/ACS 13th International Conference of Computer Systems and Applications (AICCSA)}, 
	title={ReLiDSS: Novel lie detection system from speech signal}, 
	year={2016}, 
	month={11},}

@inproceedings{Perez-Rosas:2015:DDU:2818346.2820758,
	author = {P{\'e}rez-Rosas, Ver\'{o}nica and Abouelenien, Mohamed and Mihalcea, Rada and Burzo, Mihai},
	title = {Deception Detection Using Real-life Trial Data},
	booktitle = {Proceedings of the 2015 ACM on International Conference on Multimodal Interaction},
	year = {2015},
} 

@INPROCEEDINGS{8125844, 
	author={S. George and M. M. M. Pai and R. M. Pai and S. K. Praharaj}, 
	booktitle={2017 International Conference on Advances in Computing, Communications and Informatics (ICACCI)}, 
	title={Eye blink count and eye blink duration analysis for deception detection}, 
	year={2017}, 
	month={9},}

@INPROCEEDINGS{7324092, 
	author={B. Singh and P. Rajiv and M. Chandra}, 
	booktitle={2015 International Conference on Advanced Computing and Communication Systems}, 
	title={Lie detection using image processing}, 
	year={2015}, 
	month={1},}

@INPROCEEDINGS{5771407, 
	author={N. Bhaskaran and I. Nwogu and M. G. Frank and V. Govindaraju}, 
	booktitle={Face and Gesture 2011}, 
	title={Lie to Me: Deceit detection via online behavioral learning}, 
	year={2011}, 
	month={3},}

@article{FUKUDA2001239,
	title = "Eye blinks: new indices for the detection of deception",
	journal = "International Journal of Psychophysiology",
	volume = "40",
	number = "3",
	pages = "239 - 245",
	year = "2001",
	author = "Kyosuke Fukuda",
}

@inproceedings{Lim:2013:LTE:2535948.2535954,
	author = {Lim, Kai Keat and Friedrich, Max and Radun, Jenni and Jokinen, Kristiina},
	title = {Lying Through the Eyes: Detecting Lies Through Eye Movements},
	booktitle = {Proceedings of the 6th Workshop on Eye Gaze in Intelligent Human Machine Interaction: Gaze in Multimodal Interaction},
	year = {2013},
	url = {http://doi.acm.org/10.1145/2535948.2535954},
} 

@INPROCEEDINGS{7367432, 
	author={D. I. Noje and R. Malutan}, 
	booktitle={2015 Conference Grid, Cloud High Performance Computing in Science (ROLCG)}, 
	title={Head movement analysis in lie detection}, 
	year={2015}, 
	month={10},
}

@INPROCEEDINGS{6462897, 
	author={M. Owayjan and A. Kashour and N. Al Haddad and M. Fadel and G. Al Souki}, 
	booktitle={2012 2nd International Conference on Advances in Computational Tools for Engineering Applications (ACTEA)}, 
	title={The design and development of a Lie Detection System using facial micro-expressions}, 
	year={2012}, 
	month={12},
}

@book{ekman,
	author = {P. Ekman and W. V. Friesen},
	title = {Manual for the Facial Action Coding System},
	year = {1977},
}

@inproceedings{Abouelenien:2016:ATV:2910674.2910682,
	author = {Abouelenien, Mohamed and Mihalcea, Rada and Burzo, Mihai},
	title = {Analyzing Thermal and Visual Clues of Deception for a Non-Contact Deception Detection Approach},
	booktitle = {Proceedings of the 9th ACM International Conference on PErvasive Technologies Related to Assistive Environments},
	year = {2016},
	url = {http://doi.acm.org/10.1145/2910674.2910682},
}

@inproceedings{Rajoub,
	author = {B. Rajoub and R. Zwiggelaar},
	title = {Thermal facial analysis for deception detection},
	booktitle = {IEEE Transactions on Information Forensics and Security},
	year = {2014},
}

@inproceedings{Abouelenien:2015:TAD:2823465.2823470,
	author = {Abouelenien, Mohamed and Mihalcea, Rada and Burzo, Mihai},
	title = {Trimodal Analysis of Deceptive Behavior},
	booktitle = {Proceedings of the 2015 ACM on Workshop on Multimodal Deception Detection},
	year = {2015},
	url = {http://doi.acm.org/10.1145/2823465.2823470},
} 

@inproceedings{Mihalcea:2013:ADD:2522848.2522888,
	author = {Mihalcea, Rada and P{\'e}rez-Rosas, Ver\'{o}nica and Burzo, Mihai},
	title = {Automatic Detection of Deceit in Verbal Communication},
	booktitle = {Proceedings of the 15th ACM on International Conference on Multimodal Interaction},
	year = {2013},
	url = {http://doi.acm.org/10.1145/2522848.2522888},
}

@inproceedings{Abouelenien:2014:DDU:2663204.2663229,
	author = {Abouelenien, Mohamed and P{\'e}rez-Rosas, Veronica and Mihalcea, Rada and Burzo, Mihai},
	title = {Deception Detection Using a Multimodal Approach},
	booktitle = {Proceedings of the 16th International Conference on Multimodal Interaction},
	year = {2014},
	url = {http://doi.acm.org/10.1145/2663204.2663229},
}

@INPROCEEDINGS{7440177, 
	author={A. I. Simbolon and A. Turnip and J. Hutahaean and Y. Siagian and N. Irawati}, 
	booktitle={2015 International Conference on Automation, Cognitive Science, Optics, Micro Electro-Mechanical System, and Information Technology (ICACOMIT)}, 
	title={An experiment of lie detection based EEG-P300 classified by SVM algorithm}, 
	year={2015}, 
	month={10},
}

@ARTICLE{6967765, 
	author={S. Sumriddetchkajorn and A. Somboonkaew and T. Sodsong and I. Promduang and N. Sumriddetchkajorn and T. Prada-in}, 
	journal={Journal of Lightwave Technology}, 
	title={Simultaneous Analysis of Far Infrared Signals From Periorbital and Nostril Areas for Nonintrusive Lie Detection: Performance From Real Case Study}, 
	year={2015}, 
	volume={33}, 
	number={16}, 
	month={8},
}

@article{DBLP:journals/corr/abs-1712-04415,
	author    = {Zhe Wu and
	Bharat Singh and
	Larry S. Davis and
	V. S. Subrahmanian},
	title     = {Deception Detection in Videos},
	journal   = {CoRR},
	volume    = {abs/1712.04415},
	year      = {2017},
	url       = {http://arxiv.org/abs/1712.04415},
	biburl    = {https://dblp.org/rec/bib/journals/corr/abs-1712-04415},
}

@Article{Lai2017,
	author="Lai, Ying-Fang
	and Chen, Mu-Yen
	and Chiang, Hsiu-Sen",
	title="Constructing the lie detection system with fuzzy reasoning approach",
	journal="Granular Computing",
	year="2017",
	month="11",
	url="https://doi.org/10.1007/s41066-017-0064-3"
}

@InProceedings{10.1007/978-3-319-47955-2_27,
	author="Kawulok, Michal
	and Nalepa, Jakub
	and Nurzynska, Karolina
	and Smolka, Bogdan",
	title="In Search of Truth: Analysis of Smile Intensity Dynamics to Detect Deception",
	booktitle="Advances in Artificial Intelligence - IBERAMIA 2016",
	year="2016"
}

@article{HARVEY2017306,
	title = "Deception and Decay: Verbal Lie Detection as a Function of Delay and Encoding Quality",
	journal = "Journal of Applied Research in Memory and Cognition",
	volume = "6",
	number = "3",
	year = "2017",
	url = "http://www.sciencedirect.com/science/article/pii/S2211368116301954",
	author = "Adam Charles Harvey and Aldert Vrij and Sharron Leal and Lorraine Hope and Samantha Mann",
}

@article{SU201652,
	title = "Does “lie to me” lie to you? An evaluation of facial clues to high-stakes deception",
	journal = "Computer Vision and Image Understanding",
	volume = "147",
	year = "2016",
	url = "http://www.sciencedirect.com/science/article/pii/S1077314216000345",
	author = "Lin Su and Martin Levine",
}

@INPROCEEDINGS{7165946, 
	author={J. G. Proudfoot and J. L. Jenkins and J. K. Burgoon and J. F. Nunamaker}, 
	booktitle={2015 IEEE International Conference on Intelligence and Security Informatics (ISI)}, 
	title={Deception is in the eye of the communicator: Investigating pupil diameter variations in automated deception detection interviews}, 
	year={2015}, 
	month={5},
}

@ARTICLE{7511728, 
	author={A. Arasteh and M. H. Moradi and A. Janghorbani}, 
	journal={IEEE Transactions on Information Forensics and Security}, 
	title={A Novel Method Based on Empirical Mode Decomposition for P300-Based Detection of Deception}, 
	year={2016}, 
	volume={11}, 
	number={11}, 
	month={11},
}

@ARTICLE{7782429, 
	author={M. Abouelenien and V. Pérez-Rosas and R. Mihalcea and M. Burzo}, 
	journal={IEEE Transactions on Information Forensics and Security}, 
	title={Detecting Deceptive Behavior via Integration of Discriminative Features From Multiple Modalities}, 
	year={2017}, 
	volume={12}, 
	number={5}, 
	month={5},
}

@INPROCEEDINGS{6217806, 
	author={K. Minkov and S. Zafeiriou and M. Pantic}, 
	booktitle={2012 5th International Symposium on Communications, Control and Signal Processing}, 
	title={A comparison of different features for automatic eye blinking detection with an application to analysis of deceptive behavior}, 
	year={2012}, 
	month={5},
}

@article{NURCIN2017417,
	author={Fatih Veysel Nurçina and Elbrus Imanova and AliIşına Dilber and Uzun Ozsahina},
	title = "Lie detection on pupil size by back propagation neural network",
	journal = "Procedia Computer Science",
	volume = "120",
	year = "2017",
	url = "http://www.sciencedirect.com/science/article/pii/S1877050917324705",
}

@article{norena,
	author = {Noreña Cardona, Paola},
	year = {2015},
	month = {11},
	title = {A COMPENDIUM OF PATTERN RECOGNITION TECHNIQUES IN FACE, SPEECH AND LIE DETECTION},
	volume = {24},
	booktitle = {International Journal of Research and Reviews in Applied Sciences}
}

@misc{ wiki:mfcc,
	author = "{Wikipedia contributors}",
	title = "Mel-frequency cepstrum --- {Wikipedia}{,} The Free Encyclopedia",
	year = "2018",
	url = "https://en.wikipedia.org/w/index.php?title=Mel-frequency_cepstrum&oldid=835415759",
}

@inproceedings{pfister2011micro,
	title={Recognising Spontaneous Facial Micro-expressions},
	author={Tomas Pfister and Xiaobai Li and Guoying Zhao and Matti Pietik\"ainen},
	booktitle={International Conference on Computer Vision (ICCV)},
	year={2011},
	webpdf={http://tomas.pfister.fi/files/pfister11microexpressions.pdf},
	video={http://youtu.be/E-b49e0wLgg},
	poster={http://tomas.pfister.fi/files/pfister11microexpressions-poster.pdf},
	code={http://tomas.pfister.fi/files/micro-code-v1.zip},
	database={http://tomas.pfister.fi/smic-register},
	award={Most remembered poster}
}

@inproceedings{xli2012spontaneous,
	title={A Spontaneous Micro Facial Expression Database: Inducement, Collection and Baseline},
	author={Xiaobai Li and Tomas Pfister and Xiaohua Huang and Guoying Zhao and Matti Pietik\"ainen},
	booktitle={Face and Gesture (FG)},
	year={2013},
	webpdf={http://tomas.pfister.fi/files/li2013microexpressions.pdf}
}

@inproceedings{xli2015reading,
	title={Reading Hidden Emotions: Spontaneous Micro-expression Spotting and Recognition},
	author={Xiaobai Li and Xiaopeng Hong and Antti Moilanen and Xiaohua Huang and Tomas Pfister and Guoying Zhao and Matti Pietik\"ainen},
	booktitle={IEEE Trans. Affective Computing (TAFFC)},
	arxiv={http://arxiv.org/abs/1511.00423},
	year={2015}
}

@inproceedings{Litvinova:2017:BCR:3143699.3143707,
	author = {Litvinova, Tatiana and Ryzhkova, Ekaterina and Litvinova, Olga and Larin, Evgeni and Lyell, John and Seredin, Pavel},
	title = {Building a Corpus of "Real" Texts for Deception Detection},
	booktitle = {Proceedings of the International Conference IMS-2017},
	series = {IMS2017},
	year = {2017},
	url = {http://doi.acm.org/10.1145/3143699.3143707},
} 

@INPROCEEDINGS{Baltru2015, 
	author={T. Baltrušaitis and M. Mahmoud and P. Robinson}, 
	booktitle={2015 11th IEEE International Conference and Workshops on Automatic Face and Gesture Recognition (FG)}, 
	title={Cross-dataset learning and person-specific normalisation for automatic Action Unit detection}, 
	year={2015}, 
	volume={06},
	pages={1-6}, 
	month={5},
}

@INPROCEEDINGS{Baltru2016, 
	author={T. Baltrušaitis and P. Robinson and L. P. Morency}, 
	booktitle={2016 IEEE Winter Conference on Applications of Computer Vision (WACV)}, 
	title={OpenFace: An open source facial behavior analysis toolkit}, 
	year={2016}, 
	pages={1-10}, 
	month={3},
}

@inproceedings{Porter2012SecretsAL,
	title={Secrets and Lies: Involuntary Leakage in Deceptive Facial Expressions as a Function of Emotional Intensity},
	author={Stephen M Porter and Leanne ten Brinke and Brendan B Wallace},
	year={2012}
}

@article{LyingEverydayLife,
	author = {M. DePaulo, Bella and A. Kashy, Deborah and E. Kirkendol, Susan and M. Wyer, Melissa and Epstein, Jennifer},
	year = {1996},
	month = {06},
	pages = {979-95},
	title = {Lying in Everyday Life},
	volume = {70},
	booktitle = {Journal of personality and social psychology}
}

@article{DigitalDeception,
	author = {Hancock, Jeffrey},
	year = {2012},
	month = {01},
	pages = {287-301},
	title = {Digital deception: When, where and how people lie online},
	booktitle = {Oxford Handbook of Internet Psychology}
}

@article{VrijDLD,
	author = {Porter, Stephen and Campbell, Mary},
	year = {1999},
	month = {09},
	pages = {227-232},
	title = {A. Vrij, Detecting Lies and Deceit: The Psychology of Lying and Implications forProfessional Practice},
	volume = {7},
	booktitle = {Expert Evidence}
}

@article{EmotionallyIntelligent,
	author = {Baker Alysha and ten Brinke Leanne and Porter Stephen},
	title = {Will get fooled again: Emotionally intelligent people are easily duped by high‐stakes deceivers},
	journal = {Legal and Criminological Psychology},
	volume = {18},
	number = {2},
	pages = {300-313},
	doi = {10.1111/j.2044-8333.2012.02054.x},
	url = {https://onlinelibrary.wiley.com/doi/abs/10.1111/j.2044-8333.2012.02054.x},
}

@article{BondDePauloAccuracy,
	author = {Charles F. Bond, Jr. and Bella M. DePaulo},
	title ={Accuracy of Deception Judgments},
	journal = {Personality and Social Psychology Review},
	volume = {10},
	number = {3},
	pages = {214-234},
	year = {2006},
	doi = {10.1207/s15327957pspr1003\_2},
	URL = {https://doi.org/10.1207/s15327957pspr1003_2},
}

@article{HartwigGranhag,
author = { Maria   Hartwig  and  Pär A.   Granhag  and  Leif   Stromwall  and  Ann G.   Wolf  and  Aldert   Vrij  and  Emma   Roos af   Hjelmsäter },
title = {Detecting deception in suspects: verbal cues as a function of interview strategy},
journal = {Psychology, Crime \& Law},
volume = {17},
number = {7},
pages = {643-656},
year  = {2011},
publisher = {Routledge},
doi = {10.1080/10683160903446982},
URL = {https://doi.org/10.1080/10683160903446982},
}

@article{VrijPoliceDetect,
	author = {Vrij, Aldert and Mann, Samantha and Robbins, Emma and Robinson, Mark},
	year = {2006},
	month = {09},
	pages = {741 - 755},
	title = {Police officers ability to detect deception in high stakes situations and in repeated lie detection test},
	volume = {20},
	booktitle = {Applied Cognitive Psychology}
}

@article{EaseLying,
	author = {Verschuere, Bruno and Spruyt, Adriaan and Meijer, Ewout and Otgaar, Henry},
	year = {2010},
	month = {11},
	pages = {908-11},
	title = {The ease of lying},
	volume = {20},
	booktitle = {Consciousness and cognition}
}

@article{TemporalCues,
	author = {Marilyn G. Boltz and Rebecca L. Dyer and Anna R. Miller},
	title ={Jo Are You Lying to Me? Temporal Cues for Deception},
	journal = {Journal of Language and Social Psychology},
	volume = {29},
	number = {4},
	pages = {458-466},
	year = {2010},
	doi = {10.1177/0261927X10385976},
	URL = { 
	https://doi.org/10.1177/0261927X10385976
	
	},
}

@article{PorterTruthLying,
	author = {Porter, Stephen and ten Brinke, Leanne},
	year = {2010},
	month = {02},
	pages = {57-75},
	title = {The Truth About Lies: What Works in Detecting High-Stakes Deception?},
	volume = {15},
	booktitle = {Legal and Criminological Psychology - LEGAL CRIMINOL PSYCHOL}
}

@Article{Leal2008,
	author="Leal, Sharon and Vrij, Aldert",
	title="Blinking During and After Lying",
	journal="Journal of Nonverbal Behavior",
	year="2008",
	month="12",
	day="01",
	volume="32",
	number="4",
	pages="187--194",
	url="https://doi.org/10.1007/s10919-008-0051-0"
}

@misc{WikifMRI,
	author = "{Wikipedia contributors}",
	title = "Functional magnetic resonance imaging --- {Wikipedia}{,} The Free Encyclopedia",
	year = "2018",
	url = "https://en.wikipedia.org/w/index.php?title=Functional_magnetic_resonance_imaging&oldid=842791829",
	note = "[Online; accessed 20-June-2018]"
}

@Article{fMRILD,
	author={Farah, Martha J. and Hutchinson, J. Benjamin and Phelps, Elizabeth A. and Wagner, Anthony D.},
	title={Functional MRI-based lie detection: scientific and societal challenges},
	journal={Nature Reviews Neuroscience},
	year={2014},
	month={1},
	day={20},
	volume={15},
	url={http://dx.doi.org/10.1038/nrn3665},
}

@article{fMRIDD,
	author = {Langleben Daniel D.},
	title = {Detection of deception with fMRI: Are we there yet?},
	journal = {Legal and Criminological Psychology},
	volume = {13},
	number = {1},
	pages = {1-9},
	doi = {10.1348/135532507X251641},
	url = {https://onlinelibrary.wiley.com/doi/abs/10.1348/135532507X251641},
}

@article{fMRIDA,
	author = {A. Spence, Sean},
	year = {2008},
	month = {02},
	pages = {11-25},
	title = {Playing Devil's advocate: The case against fMRI lie detection},
	volume = {13},
	booktitle = {Legal and Criminological Psychology - LEGAL CRIMINOL PSYCHOL}
}

@book{EkmanER,
	author = {Paul Ekman},
	year = {2007},
	title = {Emotions Revealed: Recognizing Faces and Feelings to Improve Communication and Emotional Life}
}

@article{Haggard,
	author = {E. Haggard and K. Isaacs},
	year = {1966},
	pages = {154-165},
	title = {Micromomentary facial expressions as
	indicators of ego mechanisms in psychotherapy},
	journal = {Methods of research in
	psychotherapy. New York: Appleton-Century-Crofts}
}

@article{EkmanLeakage,
	author = {P. Ekman and W. V. Friesen},
	title = {Nonverbal leakage and clues to deception},
	journal = {Psychiatry},
	volume = {32},
	number = {1},
	pages = {88-106},
	year = {1969}
}

@online{svm_monkeylearn,
	author = {Bruno Stecanella},
	title = {An introduction to Support Vector Machines (SVM)},
	url = {https://monkeylearn.com/blog/introduction-to-support-vector-machines-svm/},
}

@misc{wiki:ml,
	author = {Wikipedia contributors},
	title = {Machine learning --- {Wikipedia}{,} The Free Encyclopedia},
	year = {2018},
	url = {https://en.wikipedia.org/w/index.php?title=Machine_learning&oldid=849817385},
	note = {[Online; accessed 16-July-2018]}
}

@online{ml_mldiv,
	author = {Carol McDonald},
	title = {Demystifying AI, Machine Learning and Deep Learning},
	url = {https://mapr.com/blog/demystifying-ai-ml-dl/},
}

@book{ai_sup,
	author = {Stuart J. Russell, Peter Norvig},
	year = {2010},
	title = {Artificial Intelligence: A Modern Approach, Third Edition - Prentice Hall}
}

@online{sup_wf,
	title = {Machine Learning 101 what is machine learning},
	url = {https://hydrasky.com/network-security/machine-learning-101-what-is-machine-learning/},
}

@journal{biasvar,
	author = {S. Geman, E. Bienenstock, and R. Doursat},
	year = {1992},
	title = {Neural networks and the bias/variance dilemma},
	journal = {Neural Computation 4},
}

@book{overfit,
	author = {Burnham, K. P.; Anderson, D. R.},
	year = {2002},
	title = {Model Selection and Multimodel Inference (2nd ed.), Springer-Verlag}
}

@journal{camb_over,
	author = {Everitt B.S., Skrondal A.},
	year = {2010},
	title = {Cambridge Dictionary of Statistics},
	journal = {Cambridge University Press},
}

@misc{wiki:ml_overfit,
	author = "{Wikipedia contributors}",
	title = "Overfitting --- {Wikipedia}{,} The Free Encyclopedia",
	year = "2018",
	url = "https://en.wikipedia.org/w/index.php?title=Overfitting&oldid=848185507",
	note = "[Online; accessed 17-July-2018]"
}

@online{biasvarTradeoff,
	title = {Bias-Variance Tradeoff},
	url = {https://elitedatascience.com/bias-variance-tradeoff},
}

@online{kmeans,
	title = {k-means data clustering},
	url = {https://towardsdatascience.com/k-means-data-clustering-bce3335d2203},
}

@book{facsCH,
	title = {Man's face and mimic language},
	author = {Carl-Herman Hjortsjö},
	year = {1969}
}

@journal{facs1978,
	author = {P. Ekman and W. Friesen},
	title = {Facial Action Coding System: A Technique for the Measurement of Facial Movement},
	year = {1978},
	journal = {Consulting Psychologists Press},
}

@article{Du2014CompoundFE,
	title={Compound facial expressions of emotion},
	author={Shichuan Du and Yong Tao and Aleix M. Martinez},
	journal={Proceedings of the National Academy of Sciences of the United States of America},
	year={2014},
}

@INPROCEEDINGS{HaoWangAU, 
	author={L. Hao and S. Wang and G. Peng and Q. Ji}, 
	booktitle={2018 13th IEEE International Conference on Automatic Face Gesture Recognition (FG 2018)}, 
	title={Facial Action Unit Recognition Augmented by Their Dependencies}, 
	year={2018}, 
	month={5},
}

@INPROCEEDINGS{AU_LSTM, 
	author={W. S. Chu and F. De la Torre and J. F. Cohn}, 
	booktitle={2017 12th IEEE International Conference on Automatic Face Gesture Recognition (FG 2017)}, 
	title={Learning Spatial and Temporal Cues for Multi-Label Facial Action Unit Detection}, 
	year={2017}, 
	month={5},
}

@INPROCEEDINGS{AU_STM, 
	author={W. S. Chu and F. D. L. Torre and J. F. Cohn}, 
	booktitle={2013 IEEE Conference on Computer Vision and Pattern Recognition}, 
	title={Selective Transfer Machine for Personalized Facial Action Unit Detection}, 
	year={2013}, 
	month={6},
}

@ARTICLE{AU_STM2, 
	author={W. S. Chu and F. D. l. Torre and J. F. Cohn}, 
	journal={IEEE Transactions on Pattern Analysis and Machine Intelligence}, 
	title={Selective Transfer Machine for Personalized Facial Expression Analysis}, 
	year={2017}, 
	volume={39}, 
	number={3}, 
	doi={10.1109/TPAMI.2016.2547397}, 
	month={3},
}

@INPROCEEDINGS{Baltru2018, 
	author={T. usaitis and A. Zadeh and Y. C. Lim and L. P. Morency}, 
	booktitle={2018 13th IEEE International Conference on Automatic Face Gesture Recognition (FG 2018)}, 
	title={OpenFace 2.0: Facial Behavior Analysis Toolkit}, 
	year={2018}, 
	month={5},
}

@misc{wiki:reg_an,
	author = "{Wikipedia contributors}",
	title = "Regression analysis --- {Wikipedia}{,} The Free Encyclopedia",
	year = "2018",
	url = "https://en.wikipedia.org/w/index.php?title=Regression_analysis&oldid=850022021",
	note = "[Online; accessed 3-August-2018]"
}

@online{reg_analisys,
	title = {Predict the Future with Regression Analysis},
	url = {https://medium.com/@gr33ndata/learn-regressions-analysis-23b789bf2c36},
	author = {Tarek Amr}
}

@misc{wiki:lin_reg,
	author = "{Wikipedia contributors}",
	title = "Linear regression --- {Wikipedia}{,} The Free Encyclopedia",
	year = "2018",
	url = "https://en.wikipedia.org/w/index.php?title=Linear_regression&oldid=851432903",
	note = "[Online; accessed 5-August-2018]"
}

@book{ISLR,
	author = {Gareth James, Daniela Witten, Trevor Hastie and Robert Tibshiran},
	title = {An Introduction to Statistical Learning},
	url = {http://www-bcf.usc.edu/~gareth/ISL/index.html},
}

@book{MSE,
	author = {Steel, R.G.D, and Torrie, J. H},
	title = {Principles and Procedures of Statistics with Special Reference to the Biological Science, McGraw Hill},
	year = {1960},
}

@INPROCEEDINGS{Baltru2017, 
	author={A. Zadeh and T. Baltrušaitis and L. Morency}, 
	booktitle={2017 IEEE Conference on Computer Vision and Pattern Recognition Workshops (CVPRW)}, 
	title={Convolutional Experts Constrained Local Model for Facial Landmark Detection}, 
	year={2017}, 
	doi={10.1109/CVPRW.2017.256}, 
	ISSN={2160-7516}, 
	month={7},
}

@misc{wiki:PDM,
	author = "{Wikipedia contributors}",
	title = "Point distribution model --- {Wikipedia}{,} The Free Encyclopedia",
	year = "2018",
	url = "https://en.wikipedia.org/w/index.php?title=Point_distribution_model&oldid=832628847",
	note = "[Online; accessed 9-August-2018]"
}

@Article{PDM_RLMS,
	author="Saragih, Jason M.
	and Lucey, Simon
	and Cohn, Jeffrey F.",
	title="Deformable Model Fitting by Regularized Landmark Mean-Shift",
	journal="International Journal of Computer Vision",
	year="2011",
	month="01",
	day="01",
	volume="91",
	number="2",
	issn="1573-1405",
	doi="10.1007/s11263-010-0380-4",
	url="https://doi.org/10.1007/s11263-010-0380-4"
}

@INPROCEEDINGS{Baltru2013, 
	author={T. Baltrusaitis and P. Robinson and L. Morency}, 
	booktitle={2013 IEEE International Conference on Computer Vision Workshops}, 
	title={Constrained Local Neural Fields for Robust Facial Landmark Detection in the Wild}, 
	year={2013}, 
	month={12},
}

@online{PDM,
	url = {http://user.engineering.uiowa.edu/~dip/lecture/Understanding3.html},
	title = {Image understanding: Point distribution models}
}


@ARTICLE{DISFA,
	author = {S. M. Mavadati and M. H. Mahoor and K. Bartlett and P. Trinh and J. F. Cohn},
	journal = {IEEE Transactions on Affective Computing},
	title = {DISFA: A Spontaneous Facial Action Intensity Database},
	year = {2013},
	volume = {4},
	doi = {10.1109/T-AFFC.2013.4},
	url = {doi.ieeecomputersociety.org/10.1109/T-AFFC.2013.4},
	month={04}
}

@article{BP4D-Spontaneous,
	title = "BP4D-Spontaneous: a high-resolution spontaneous 3D dynamic facial expression database",
	journal = "Image and Vision Computing",
	volume = "32",
	number = "10",
	year = "2014",
	doi = "https://doi.org/10.1016/j.imavis.2014.06.002",
	url = "http://www.sciencedirect.com/science/article/pii/S0262885614001012",
	author = "Xing Zhang and Lijun Yin and Jeffrey F. Cohn and Shaun Canavan and Michael Reale and Andy Horowitz and Peng Liu and Jeffrey M. Girard"
}

@INPROCEEDINGS{SEMAINE, 
	author={G. McKeown and M. F. Valstar and R. Cowie and M. Pantic}, 
	booktitle={2010 IEEE International Conference on Multimedia and Expo}, 
	title={The SEMAINE corpus of emotionally coloured character interactions}, 
	year={2010}, 
	doi={10.1109/ICME.2010.5583006}, 
	month={07},
}

@online{DISFA_AU,
	url = {http://www.engr.du.edu/mmahoor/DISFAContent.htm},
	title = {Denver Intensity of Spontaneous Facial Action Database}
}

@INPROCEEDINGS{CK+,
	author={P. Lucey and J. F. Cohn and T. Kanade and J. Saragih and Z. Ambadar and I. Matthews}, 
	booktitle={2010 IEEE Computer Society Conference on Computer Vision and Pattern Recognition - Workshops}, 
	title={The Extended Cohn-Kanade Dataset (CK+): A complete dataset for action unit and emotion-specified expression}, 
	year={2010}, 
	doi={10.1109/CVPRW.2010.5543262}, 
	month={06},
}

@article{dlib,
	author = {King, Davis E.},
	title = {Dlib-ml: A Machine Learning Toolkit},
	journal = {J. Mach. Learn. Res.},
	volume = {10},
	month = {12},
	year = {2009},
	issn = {1532-4435},
	url = {http://dl.acm.org/citation.cfm?id=1577069.1755843},
	publisher = {JMLR.org},
} 

@INPROCEEDINGS{FERA15, 
	author={M. F. Valstar and T. Almaev and J. M. Girard and G. McKeown and M. Mehu and L. Yin and M. Pantic and J. F. Cohn}, 
	booktitle={2015 11th IEEE International Conference and Workshops on Automatic Face and Gesture Recognition (FG)}, 
	title={FERA 2015 - second Facial Expression Recognition and Analysis challenge}, 
	year={2015}, 
	month={05},
}

@inproceedings{AVEC11,
	author = {Schuller, Bj\&\#38;ouml;rn and Valstar, Michel and Eyben, Florian and McKeown, Gary and Cowie, Roddy and Pantic, Maja},
	title = {AVEC 2011-the First International Audio/Visual Emotion Challenge},
	booktitle = {Proceedings of the 4th International Conference on Affective Computing and Intelligent Interaction - Volume Part II},
	year = {2011},
	isbn = {978-3-642-24570-1},
	url = {http://dl.acm.org/citation.cfm?id=2062850.2062907},
	publisher = {Springer-Verlag},
	address = {Berlin, Heidelberg},
} 

@INPROCEEDINGS{FERA11, 
	author={M. F. Valstar and B. Jiang and M. Mehu and M. Pantic and K. Scherer}, 
	booktitle={Face and Gesture 2011}, 
	title={The first facial expression recognition and analysis challenge}, 
	year={2011}, 
	doi={10.1109/FG.2011.5771374},
	month={03},
}

@article{normexpr,
	author = {Neth, Donald and Martinez, Aleix M.},
	title = {Emotion perception in emotionless face images suggests a norm-based representation},
	journal = {Journal of Vision},
	volume = {9},
	number = {1},
	year = {2009},
	doi = {10.1167/9.1.5},
	URL = {http://dx.doi.org/10.1167/9.1.5},
}

@INPROCEEDINGS{NatAffData, 
	author={S. Afzal and P. Robinson}, 
	booktitle={2009 3rd International Conference on Affective Computing and Intelligent Interaction and Workshops}, 
	title={Natural affect data — Collection amp; annotation in a learning context}, 
	year={2009}, 
	doi={10.1109/ACII.2009.5349537}, 
	month={09},
}

